2920 4900
261 407 298 464 18

212 589 321 643 temen
354 577 413 640 boc
446 582 629 657 argumento
657 575 856 639 stmvrcms
883 571 1311 642 virtuosissimos

212 677 286 744 ἄλλ.
315 695 380 759 στρ.
402 676 473 738 vult
499 675 709 760 ›suppositiueu
733 676 805 738 huic
826 673 920 740 ἄλλοι
943 679 1095 760 subJeetu
1139 677 1209 750 Quo
1228 680 1312 761 jure,

211 781 416 864 inquiramus.
467 773 615 840 Primum
648 776 722 841 telis
755 777 931 857 conjunctio
963 778 1158 860 interpositis
1190 775 1234 854 ris,-
1265 775 1310 843 is.

213 884 330 962 ivvii„
353 877 389 943 ἐν
407 878 442 967 τῇ
463 879 530 940 Σικ.
552 874 682 940 molesto
703 883 797 939 esset.
841 877 919 940 Jum
940 899 1012 943 vero
1034 879 1100 942 hsec
1121 879 1193 962 ipss
1213 881 1310 943 verbs

212 983 388 1069 legitimum
421 979 522 1042 locum
556 997 618 1039 nou
650 976 837 1040 obtinerent.
886 977 969 1042 Num
997 981 1094 1043 verbe
1121 978 1158 1044 is
1184 981 1310 1072 κῇΣικ.

213 1081 388 1149 necessario
411 1089 440 1142 et
461 1079 502 1141 sd
525 1075 703 1140 Sicilienses
715 1077 1019 1144 etsdAthenienses
1029 1082 1196 1163 pertinere,
1219 1099 1311 1163 eper-

213 1193 282 1248 tum
305 1191 364 1246 est.
407 1179 549 1260 Itemque
572 1173 614 1252 sis
636 1175 780 1251 ἑκάστοις
801 1181 978 1261 furibusve,
1013 1183 1053 1244 nd
1082 1201 1150 1263 qum
1177 1189 1312 1247 annotet

215 1283 337 1349 Schol.:
360 1275 420 1354 »ὥς
441 1275 585 1352 insistere
605 1285 688 1342 escis
701 1279 789 1342 αλιλα
800 1283 856 1343 sori
866 1278 1046 1354 σεασιαῖειν
1061 1289 1117 1344 καὶ
1132 1283 1310 1364 πολεμεῖν.»

216 1384 300 1458 Quin
324 1377 504 1453 στασιάζειν
526 1381 566 1443 ud
589 1380 760 1444 discordias
782 1383 865 1445 inter·
890 1405 921 1446 se
942 1382 1157 1448 Siciliensium
1185 1393 1218 1448 et
1246 1407 1307 1449 πο-

216 1485 323 1567 λεμεῖν
356 1485 397 1546 ed
430 1482 545 1545 bellum
579 1480 788 1545 Siciliensium
822 1505 893 1545 eum
915 1483 1158 1548 Atheniensibus
1187 1494 1308 1568 gestum

216 1593 349 1668 spectet,
378 1603 439 1648 uon
462 1581 667 1644 dubitandum
692 1591 750 1644 est.
794 1581 870 1646 Non
892 1593 964 1669 apte
985 1571 1081 1667 igitur
1102 1579 1145 1658 ὥς
1165 1584 1310 1662 ἑκάστοις

216 1725 260 1736 -
285 1689 353 1749 Σικ.
376 1683 461 1768 (quae
490 1681 530 1744 ud
563 1680 743 1745 Sicilienses
775 1693 803 1745 et
835 1683 1037 1748 Athenienses
1070 1686 1244 1770 pertinent)
1276 1689 1308 1752 in

212 1787 403 1853 sententium
426 1781 537 1868 (ἄλλοι
567 1815 610 1830 —-·
637 1777 756 1870 uisci),
788 1803 855 1865 quse
878 1779 1000 1848 tontum
1021 1807 1072 1849 res
1092 1785 1308 1851 siciliensium

212 1888 481 1968 complecteretur,
506 1881 733 1946 infercirentur.
782 1883 939 1969 Denique,
971 1887 1003 1949 id
1032 1887 1115 1968 quod
1137 1889 1307 1952 maximum
1424 1937 1425 1957 ι

211 1997 271 2064 est,
305 2005 399 2069 quum
433 1984 601 2067 distinpuit
622 1985 741 2047 Msnv.
763 1985 933 2048 »intestine
954 1987 1125 2050 incolarum
1142 1988 1243 2052 bellus
1267 1990 1307 2052 sb

210 2096 358 2152 ›rextemo
391 2085 650 2148 Atheniensium»
684 2083 749 2168 [elii
771 2084 822 2168 (=
843 2084 924 2170 Sic.)
947 2121 988 2134 -
1010 2087 1151 2172 Athen.],
1181 2089 1307 2152 conciu-

208 2188 347 2254 dendum
369 2195 423 2260 est,
444 2186 512 2248 haec
533 2186 594 2247 duo
617 2203 732 2266 genera
752 2183 834 2247 nibil
856 2207 1016 2250 commune
1037 2187 1195 2251 habuisse.
1228 2188 1307 2268 Qui·

210 2291 268 2354 bus
300 2288 428 2350 tandem
461 2285 673 2348 Athenienses
712 2283 797 2369 (cum
831 2287 923 2349 'sociis
956 2287 1038 2372 suis)
1070 2289 1187 2351 bellum
1219 2291 1307 2353 intu-

208 2393 323 2463 lerunt,
345 2386 405 2450 nisi
422 2386 515 2471 pesti
543 2385 665 2448 cuidem
693 2385 837 2470 ipsorum
863 2384 1102 2451 Siciliensium?
1144 2387 1307 2460 Quamob-

187 2509 274 2555 .rem
298 2489 337 2550 ed
361 2487 539 2568 ἐπολέμουν
562 2481 593 2548 oi
611 2481 785 2569 Ἀθηνατοι
803 2489 1010 2568 suppiendum
1041 2497 1106 2557 est:
1129 2486 1210 2572 πρὸς
1235 2487 1307 2565 τούς
1426 2549 1427 2552 ,

209 2588 400 2662 Σικελιώτας
421 2588 486 2670 (vel
509 2583 590 2671 πρὸς
604 2585 784 2662 λνλοσςεοῑν
797 2588 1027 2674 meriamur).
1049 2589 1308 2673 Proinoiipouv

209 2689 241 2758 oi
270 2687 384 2775 Ἅθην.
413 2685 494 2771 πρὸς
521 2713 546 2752 τ.
568 2691 636 2752 Σικ.
659 2689 721 2752 dici
753 2697 872 2769 potest:
906 2685 937 2753 oi
959 2694 1026 2754 Σικ.
1049 2691 1116 2773 (vel
1137 2691 1219 2758 isses
1240 2694 1307 2758 τοῖν

206 2791 329 2876 Σικελ.)
351 2788 530 2873 ἐπολέμουν
551 2787 632 2872 πρὸς
648 2786 720 2864 eoric
733 2785 848 2874 Ἀθην.
861 2788 1023 2869 Quomodo
1040 2792 1136 2873 igitur
1147 2794 1306 2858 dicemus:

208 2895 387 2975 ἐπολέμουν
407 2897 467 2975 μὲν
489 2897 545 2955 καλ
566 2884 695 2956 utilius»
711 2888 880 2972 (ι-ναῦτολ
903 2887 935 2954 ολ
959 2893 1045 2956 Σικ.»
1069 2891 1121 2956 ἔπ’
1146 2891 1305 2986 ἄλσεα),

208 3003 263 3063 καὶ
285 2991 334 3060 »ei
355 2999 440 3058 Σικ.»
462 2991 543 3077 πρὸς
565 3015 591 3058 ε.
608 2989 747 3078 'resipui
777 2993 885 3077 Enyo:
906 2994 1051 3076 quoniam
1065 2990 1097 3057 oi
1116 2995 1306 3061 Σικελιῶται

207 3103 248 3164 sd
282 3108 447 3182 utrumque
480 3097 651 3160 membrum
686 3092 854 3176 pertinent,
887 3115 949 3156 non
977 3105 1114 3180 possunt
1140 3098 1172 3161 in
1201 3100 1305 3179 priore

206 3221 282 3264 voce
305 3197 399 3262 ἄλλοι
421 3196 597 3279 significari.
614 3231 655 3242 -
678 3193 897 3266 Qusereutibus
920 3195 988 3276 jsrn
1012 3196 1117 3272 nobis,
1149 3199 1305 3280 quomodo

205 3302 352 3365 mendum
374 3297 544 3379 irrepserit,
566 3296 658 3358 facile
680 3294 842 3358 deelsrstu
864 3302 923 3357 est.
961 3294 1118 3360 Vetustius
1140 3299 1221 3362 enirn
1235 3319 1305 3363 esse

207 3401 346 3467 codicum
370 3417 521 3462 consensu
543 3397 784 3471 demonstretur,
807 3403 950 3458 exortum
972 3395 1038 3460 siue
1061 3398 1154 3462 dubio
1177 3407 1304 3480 tempo·

204 3503 292 3567 ribus
324 3500 374 3576 iis,
407 3517 500 3580 quum
534 3495 652 3559 librarii
685 3494 797 3576 lingum
824 3514 931 3576 greecae
952 3497 1052 3578 megis
1075 3517 1167 3579 quern
1190 3508 1304 3583 postes

206 3608 365 3683 compotes
387 3607 502 3672 essent,
525 3615 653 3678 quorum
677 3595 814 3679 quidum,
835 3596 896 3658 hec
918 3603 984 3658 tsm
1001 3596 1129 3661 insolitu
1140 3608 1305 3664 construc-

206 3705 292 3768 tione
314 3699 466 3781 πολεμεῖν
488 3695 574 3761 ἄλλα
596 3698 746 3770 offensus,
773 3697 956 3758 muts-udum
987 3715 1056 3760 esm
1084 3719 1152 3762 esse
1175 3701 1304 3781 peterit

205 3805 238 3870 in
261 3800 366 3866 ἄλλοι.
410 3800 499 3866 Conf.
524 3799 552 3875 l,
575 3795 627 3875 65,
648 3799 684 3860 2:
707 3794 913 3877 §cusculium
934 3792 974 3860 ut
995 3795 1092 3862 ἄλλα.

288 4003 348 4081 Ν,
370 4001 421 4078 68,
443 4001 473 4065 4.
516 4035 558 4050 ·-
580 3991 772 4062 inluuiem
791 3995 853 4083 'iiie
875 3999 940 4062 scis
960 4000 1073 4079 τειχῶν
1094 4005 1150 4064 καὶ
1171 4001 1237 4066 κῶν
1262 3999 1302 4067 ἓν

203 4107 239 4199 τῇ
261 4104 353 4171 πόλει
374 4103 556 4186 Μεγαρέων
578 4102 844 4186 θορυβουμένην,
869 4094 903 4164 οἱ
923 4097 1004 4184 πρὸς
1018 4096 1302 4187 nobilissimum
