2920 4900
1189 376 1230 435 23

170 553 205 620 in
239 553 340 618 medio
373 552 524 634 relinquo.
578 551 654 612 Haee
681 543 724 632 μή
745 548 1019 631 πρασαχθήσεσθι
1041 569 1168 630 prorsus
1190 551 1271 618 idem

170 661 269 738 atque
302 653 380 718 illud
412 651 616 716 διωθεῖσθαι
637 648 822 732 significare,
845 658 945 730 patet.
989 650 1026 714 In
1049 660 1155 716 nostro
1177 652 1270 734 igitur

171 753 337 828 enuntiato
367 754 486 820 censs.
509 753 612 817 verbis
635 745 724 815 εὖνοι
746 747 775 812 δ
796 748 884 826 ὄντες
907 771 1034 816 consano
1057 761 1151 833 putat
1173 752 1270 815 inhae-

170 874 239 920 rere
272 855 329 920 wo
346 855 564 928 διωθιτσθαιι
588 873 647 935 qno
671 851 748 915 nihil
771 859 820 914 est
841 851 1079 930 intolerabilius.
1123 854 1161 918 ln
1183 849 1270 918 εὖνοι

169 953 201 1018 δ’
235 954 325 1040 ὄντες
359 957 441 1021 anim
474 954 625 1020 Acanthii
647 953 748 1016 inesse
771 953 947 1025 voluerunt,
971 971 1025 1014 our
1047 963 1176 1036 possent
1199 976 1271 1037 spe·

168 1076 251 1132 rare,
285 1078 329 1132 se,
362 1057 486 1122 etiamsi
518 1054 659 1120 Brasidae
691 1073 752 1116 non
775 1054 1028 1134 obtemperarent
1051 1049 1196 1144 (διωθ.),
1219 1057 1272 1118 in·

168 1156 307 1222 oolnmee
322 1157 408 1245 fone,
437 1157 468 1220 lr.
482 1178 508 1222 e.
532 1176 660 1219 oausam
682 1155 739 1216 τοῦ
759 1147 802 1237 μή
823 1155 1021 1217 κακοῦσθαι.
1065 1157 1115 1218 Ex
1138 1176 1197 1238 quo
1223 1158 1271 1220 ef·

168 1259 283 1335 fioitur,
317 1267 353 1322 ut
384 1259 417 1321 in
450 1257 621 1339 posteriore
654 1255 813 1320 sententia
841 1256 886 1318 eie
907 1255 1189 1338 interpungendum
1211 1257 1271 1322 sit:

72 1349 77 1361 ’
167 1357 260 1433 ὅπως
281 1355 324 1443 μή
345 1361 391 1444 τῷ
411 1353 550 1442 ὑμετέρῳ
572 1353 667 1440 εὔνῳ,
690 1354 719 1418 ei
738 1352 781 1440 μή
804 1358 969 1439 πρασαχθ.

253 1561 312 1636 Ν,
338 1556 407 1624 117.
451 1556 708 1639 Λακεδαιμόνιοι
736 1556 771 1620 δὲ
798 1563 853 1619 καὶ
879 1550 1057 1640 Ἀθηναῖοι
1088 1594 1129 1605 -
1151 1557 1270 1638 ἐκεχει-

166 1664 246 1744 ρίαν
279 1661 472 1746 ἐποιήσαντο
508 1697 560 1735 -,
593 1663 781 1738 νομίσαντες
803 1653 976 1742 Ἀθηναῖοι
996 1665 1057 1740 μὲν
1079 1654 1138 1723 onix
1160 1661 1204 1723 ἂν
1226 1657 1272 1724 ἔτι

166 1759 225 1827 τὸν
238 1764 408 1847 Βρασίδαν
426 1765 521 1847 σφῶν
549 1763 815 1847 πρυσαπσσσήσαι
826 1756 943 1835 ,oridia
967 1766 1045 1843 πρὶν
1060 1762 1271 1844 παρασκευαί·

166 1881 279 1928 σαιντυ
313 1861 392 1929 καθ’
418 1863 570 1950 λήσυχίαν,
607 1867 663 1925 καὶ
697 1862 778 1945 ἅμα,
801 1861 837 1926 el.
850 1861 956 1937 καλῶς
979 1866 1091 1946 σφίσιν
1113 1861 1190 1944 ἔχοι,
1214 1870 1269 1928 καί

164 1970 330 2050 ξυμβῆναι
349 1964 389 2031 κδ
411 1967 522 2038 πλείω,
546 1965 804 2046 Λακεδαιμόνιοι
826 1963 861 2028 δὲ
883 1967 983 2029 ταῦτα
1005 1963 1077 2039 τους
1099 1967 1268 2051 Ἀθηναί-

164 2091 224 2143 ους
256 2064 424 2153 ήγυιίμενσι
448 2068 532 2150 ἅπερ
554 2065 683 2132 ἔδεισαν
707 2070 889 2152 φοβεῖσθαι
911 2073 967 2130 καὶ
990 2103 1031 2114 -
1054 2066 1271 2152 ἐπιθυμήσειν

165 2165 284 2246 nicorio
315 2208 357 2236 .-·
392 2170 636 2254 ξυναίίαγήναί
667 2191 699 2231 τε
721 2175 776 2232 καὶ
800 2166 872 2243 τοὺς
895 2168 1020 2251 ἄνδρας
1042 2171 1157 2251 σφίσιν
1179 2166 1268 2234 α’πα-

165 2272 283 2349 δδντας
311 2272 469 2348 ,σπονδὰς
506 2271 711 2356 ποιήσασθαι
750 2276 806 2334 καὶ
848 2271 880 2345 ἐς
916 2267 972 2335 τδν
1005 2269 1105 2333 πλιίω
1138 2273 1269 2354 χρόνον.

165 2371 239 2452 τοὺς
273 2373 337 2459 γὰρ
369 2372 408 2458 δή
441 2373 565 2456 ἄνδρας
592 2370 674 2456 περί
689 2372 841 2448 πλείονος
862 2373 1033 2438 ἐποιοῦντο
1055 2375 1268 2455 κομίσασθαι,

166 2473 210 2551 ὥς
231 2475 275 2540 ἔτι
297 2477 464 2560 Βρασίδας
485 2468 617 2556 εὐτύχει,
641 2480 696 2540 καὶ
722 2475 869 2559 ἔμελλον,
892 2475 946 2540 ἐπὶ
968 2471 1076 2553 μείζων
1098 2477 1267 2560 χωρήσαν-

167 2601 220 2652 τας
242 2573 341 2644 nitori
362 2584 419 2642 nal
441 2575 609 2642 ἀντίπαλα
631 2577 898 2662 καταστήσαντας,
921 2576 985 2640 τῶν
1005 2581 1066 2658 μὲν
1084 2581 1266 2662 στέρεσθαι,

166 2690 232 2754 sak
266 2676 296 2746 δ’
332 2681 367 2744 n
398 2684 456 2748 κσῦ
483 2684 553 2748 ἴσον
575 2676 772 2762 ἀμυνόμενοι
793 2678 990 2745 κινδυνεύειν
1012 2685 1067 2742 καί
1088 2675 1267 2764 κρατήσειν.

165 2784 229 2846 Hie
261 2784 358 2858 loono,
391 2793 427 2848 nt
460 2783 512 2865 qui
545 2783 691 2857 maxime,
714 2801 844 2846 acumen
867 2781 1066 2863 excogitandi
1087 2783 1196 2856 subiit,
1217 2784 1268 2847 in·

165 2883 339 2966 primisque
372 2885 470 2948 rerba
489 2879 562 2957 κυδς
582 2880 646 2963 γὰρ
668 2879 708 2966 δή
731 2880 857 2966 ἄνδρας
877 2919 919 2930 -
940 2877 1108 2966 κρατήσειν
1136 2884 1267 2947 dubita·

164 2984 306 3047 tionibus
343 2985 480 3048 obnoxia
521 2986 656 3048 luerunt.
717 2984 862 3048 Proxime
895 3004 968 3048 vero
1001 2985 1042 3047 ad
1075 2985 1267 3048 sententiam

165 3084 328 3165 seripturis
360 3086 571 3150 Hnnasurum
604 3093 637 3148 et
670 3085 897 3150 Onassnurnn
920 3085 1097 3165 pervenisse
1121 3085 1266 3148 existimo

168 3203 251 3248 nova
283 3186 419 3266 quadum
453 3186 684 3266 explanatione,
718 3204 797 3266 qun,
828 3195 909 3248 reeta
940 3185 1095 3266 exposita,
1123 3185 1266 3248 omnibus

168 3285 306 3348 numeris
339 3286 526 3350 satisfaciat
580 3286 698 3366 Spreta
730 3292 780 3348 est
812 3293 918 3351 antem
951 3285 1016 3348 haee
1050 3285 1218 3366 explicatio
1247 3305 1268 3348 a

167 3384 337 3460 Sununro,
371 3394 403 3450 et
424 3387 608 3467 prasertim,
637 3386 761 3470 opinor,
784 3386 866 3467 quod
889 3386 1119 3467 argumentatio
1141 3386 1266 3450 illorum

166 3505 232 3550 non
264 3487 386 3550 ratione
419 3497 447 3550 et
468 3487 523 3550 σία
543 3488 702 3568 procedat.
748 3484 969 3561 Quamobrem,
992 3486 1067 3568 quid
1088 3487 1131 3550 eit
1154 3487 1266 3550 erroris

165 3586 200 3648 in
240 3606 287 3661 ea,
325 3589 489 3652 ostendere
522 3589 666 3652 oouabor.
722 3586 814 3660 Quod
844 3587 1044 3650 flnnesnns
1078 3597 1111 3650 et
1144 3587 1265 3652 Conse.

168 3696 357 3767 proponunt,
378 3689 477 3752 verba
497 3692 562 3753 τιίν
581 3693 641 3770 μὲν
663 3689 833 3770 στέρεσθαι
854 3724 896 3736 -
918 3682 1144 3772 aparinesseo
1165 3697 1265 3752 mente

165 3785 406 3853 Atheniensium
439 3791 582 3869 proiecta
603 3790 788 3872 cogitantes,
811 3791 850 3853 de
872 3809 908 3854 eo
931 3789 1006 3854 milri
1028 3811 1090 3854 non
1112 3785 1266 3852 dubitan-

165 3887 245 3950 dam
281 3907 349 3952 essa
382 3889 515 3956 videtur.
569 3891 713 3972 Namque
742 3899 843 3972 potet,
864 3889 1119 3966 haedemoniis,
1141 3889 1266 3954 etiamsi

166 3987 250 4052 viros
283 4009 356 4054 suos
387 4008 571 4071 recuperare
593 4009 685 4072 quarn
708 3990 981 4056 uehementissime
1002 3990 1192 4072 optaverint,
1214 3997 1268 4054 ta·

169 4107 258 4162 men,
291 4091 319 4152 si
350 4089 433 4154 inter
465 4089 520 4155 illa
547 4092 608 4158 duo
630 4089 706 4176 elini
727 4092 876 4174 potuerit,
897 4100 953 4155 aut
975 4092 1060 4156 oinos
1081 4110 1265 4173 recuperare
