2920 4900
237 379 276 434 ‘24

192 557 249 612 aut
276 547 442 610 victorn'am
469 553 629 627 reportare
652 539 834 623 (ἀντίπαλα
856 581 896 592 -
918 544 953 606 de
974 545 1030 606 τοῦ
1052 547 1183 607 ἴσου-
1206 569 1289 626 noca

191 649 322 733 ιη’σειν),
356 668 394 710 ne
416 646 447 709 in
471 652 606 708 mentem
630 647 754 728 quidem
777 646 881 710 venire
904 647 1048 710 debuisse
1071 653 1128 708 ant
1149 647 1296 726 potuisse

191 753 277 815 viror
298 748 435 811 victoriae
458 757 643 831 anteponere
649 769 660 820 ,·
681 748 700 808 i.
724 768 762 821 e.‚
784 747 816 808 ae*
834 747 915 831 opole
936 743 1188 809 Lccedcemoniia
1218 766 1295 827 per·

192 869 320 914 suasum
354 848 477 921 fuisset,
512 868 546 909 oe
575 847 646 926 (lui
670 843 778 928 μεῖζον
805 870 880 928 χωρ.
904 851 959 908 καὶ
983 844 1052 913 ἀντ.
1076 847 1222 934 naraon.)
1260 847 1297 912 ἐκ

192 954 249 1014 τοῦ
280 953 351 1012 ἴσου
381 943 578 1028 ἀμυνόμενοι
601 985 642 996 —-
665 948 841 1033 κρατήσειν,
863 949 922 1010 hoc
944 970 1006 1011 non
1028 949 1121 1011 modo
1143 967 1206 1011 non
1231 951 1293 1012 im-

186 1051 306 1139 pellere
339 1069 391 1113 eos
424 1051 465 1111 ad
482 1049 636 1111 'indutias
671 1059 702 1113 et
735 1069 856 1132 pacem,
888 1049 943 1111 sed
977 1049 1131 1112 deterrere
1153 1051 1295 1129 oportuit

193 1153 246 1238 (ut
279 1153 374 1215 etiarn
408 1151 523 1212 Porro
556 1149 662 1234 vidit).
718 1150 795 1222 Quae
819 1169 912 1231 quum
935 1150 1079 1236 itaksint,
1101 1169 1220 1213 neceeoe
1246 1159 1293 1214 est

192 1255 260 1316 haec
295 1273 332 1315 ee
365 1260 448 1312 rnetn
475 1249 714 1312 Atheniensium
737 1271 852 1314 eruere.
897 1249 960 1311 Sed
984 1250 1050 1312 haec
1073 1249 1220 1332 cogitatio
1245 1251 1293 1313 A·

194 1353 403 1416 thebiensium
438 1372 500 1413 non
534 1371 553 1414 a
587 1347 657 1424 roric
688 1349 752 1433 γάρ
780 1351 820 1434 δή
840 1349 963 1430 incipit,'
982 1357 1018 1412 ut
1040 1351 1150 1412 volunt
1171 1349 1294 1433 HERE-

194 1469 290 1516 smos
324 1460 356 1514 et
390 1452 502 1526 GL.;ad
537 1453 618 1533 quod
653 1452 902 1535 consequendum
931 1450 1116 1530 particulam
1139 1452 1295 1533 relnque

194 1551 348 1616 transitus
372 1553 411 1612 ad
434 1551 493 1612 hoc
516 1554 712 1616 enuntiatum
736 1552 885 1625 munitur,
908 1551 953 1612 sio
974 1549 1188 1613 illustrarunt:
1212 1553 1295 1614 «und

194 1655 253 1715 rne'l
276 1653 377 1714 dieser
398 1651 528 1725 Fnrclet,
554 1651 664 1716 welche
691 1655 743 1716 dle
765 1651 1020 1716 Lekcddmono'er
1043 1651 1172 1714 beiden
1194 1651 1296 1714 Aroe-

195 1775 272 1816 nern
312 1755 551 1826 coraueaelztem
585 1752 668 1816 balle
699 1776 732 1816 ee
766 1751 938 1836 ollerdinye
973 1753 1056 1814 oeine
1088 1751 1299 1834 Ricleliyleee't,·

196 1855 279 1916 denn
300 1877 331 1914 α.
355 1876 379 1914 o.
402 1857 489 1930 w.)»‚·
524 1855 604 1934 quod
639 1855 761 1936 quidem
785 1855 941 1917 STAHLIO
965 1853 1133 1914 absurdum
1157 1852 1298 1934 (annna-

197 1953 344 2032 leirlc'clr»)
380 1953 496 2014 dicenti
519 1973 574 2034 ego
598 1973 723 2034 prorsus
747 1954 910 2017 assentior.
954 1953 1028 2026 Sed,
1051 1973 1144 2034 quum
1168 1954 1234 2015 haec
1257 1973 1298 2016 ex

198 2056 333 2136 quadam
367 2060 475 2134 parte,
509 2054 568 2115 nisi
608 2055 768 2134 superiora
801 2055 865 2116 ain't
897 2053 975 2116 eatis
1009 2061 1174 2133 percepta,
1207 2070 1294 2116 snam

196 2155 333 2235 ipsorum
359 2155 457 2215 lucem
481 2155 621 2234 accipere
644 2155 848 2235 nonpossint,
866 2155 1080 2238 queoproprie
1102 2154 1145 2216 sit
1161 2155 1208 2216 vis
1225 2173 1297 2217 ver·

196 2257 306 2317 borum
341 2256 529 2334 νομίσαντες
560 2250 680 2339 'Adron
714 2291 755 2302 -—
777 2291 818 2301 —
840 2291 881 2300 —
911 2253 1058 2327 σπονδάς
1076 2248 1296 2337 ποιήσασθαι,

196 2355 408 2436 inspiciamus.
443 2353 534 2426 Quod
558 2357 739 2418 facillimum
763 2357 829 2417 fore
852 2356 986 2417 arbitror
1004 2355 1298 2438 OLAsanuargu-

197 2457 391 2518 mentatione
421 2457 630 2518 examinanda
651 2465 694 2531 et,
717 2457 820 2537 quoad
842 2463 960 2535 potero,
984 2457 1175 2536 corrigenda.
1208 2458 1298 2519 ¹»Dio

198 2556 276 2618 serit
296 2556 403 2619 illem
427 2575 499 2617 ann.
523 2556 607 2618 orit·
635 2555 723 2619 »De'r
744 2554 915 2618 'Abooblueo
937 2555 992 2618 dee
1019 2555 1298 2650 Woffenetlllclcn·

199 2657 253 2718 dee
286 2656 332 2717 iel
358 2677 418 2718 oon
446 2655 550 2720 Seltcn
577 2657 634 2718 der
655 2655 755 2719 Lclrlo.
783 2637 1004 2718 cnedrilcliln'cb
1025 2673 1097 2718 nur
1108 2657 1209 2720 dorclt
1232 2657 1299 2719 llere

198 2753 448 2839 Benrtber‘lnny
464 2757 521 2818 der
556 2757 605 2820 bel
625 2758 697 2820 den
724 2756 962 2822 Atheniensem
980 2756 1208 2820 berrocbenden
1219 2757 1307 2824 Ba·

192 2855 410 2943 feircblnnpen
427 2857 500 2933 ‚und
528 2856 680 2942 deoclre
700 2858 868 2920 molivort»
912 2855 1003 2928 Quod
1027 2859 1150 2929 etiamsi
1164 2857 1298 2922 strictim

199 2957 392 3038 percurrenti
414 2957 569 3031 videatur,
592 2945 698 3021 tamen
721 2959 846 3038 penitus
869 2957 958 3020 nobie
980 2944 1217 3039 anquirentibus
1235 2957 1300 3020 oli·-

200 3067 256 3131 ter‚
280 3058 398 3138 opinor,
432 3079 502 3120 esse
531 3059 705 3139 apparebit.
750 3058 897 3121 Primum
920 3059 1000 3120 enim
1023 3054 1150 3122 omnino
1171 3060 1314 3124 difficile

200 3159 244 3219 sit
267 3159 441 3239 exemplum
466 3159 603 3239 proferre
625 3160 750 3247 aliquod
774 3159 924 3247 ejusmodi
948 3159 1095 3233 civitatis,
1124 3177 1201 3241 quae,
1230 3161 1300 3223 bel·

202 3259 264 3320 lum
289 3277 357 3320 cum
382 3255 446 3320 a'lia
468 3251 800 3340 gerenessadoerocre'ce
813 3267 939 3324 tantum
955 3257 1122 3328 timoribus
1132 3265 1161 3322 et
1182 3261 1301 3344 optatio

202 3358 242 3420 ad
265 3357 405 3420 indutiae
428 3360 668 3422 commoveatur.
711 3358 977 3434 Deinde'antem,
1005 3359 1037 3422 id
1066 3361 1146 3441 quod
1169 3360 1298 3424 maximi

202 3466 252 3521 est
274 3460 433 3533 momenti,
457 3460 551 3524 etiam
574 3460 626 3522 hic
646 3481 712 3522 nnc
734 3454 902 3523 dumtaxat
930 3460 1024 3522 cauea
1041 3459 1073 3522 'a
1093 3459 1299 3524 Lccccloemo·

202 3559 329 3622 nicrum
352 3579 473 3641 quoque
496 3567 586 3640 parte
608 3561 770 3632 nominata
792 3568 850 3634 eat,
878 3556 941 3642 qua
962 3581 1021 3622 one
1043 3565 1151 3645 sponte
1173 3581 1227 3625 eos
1247 3551 1300 3624 inss

203 3659 308 3723 dutiae
341 3660 464 3740 cupisse
498 3669 572 3724 ante
605 3660 709 3724 oculos
742 3661 793 3724 eit.
853 3660 1047 3741 Ingentibus
1078 3663 1159 3724 onim
1193 3662 1299 3725 nobie:

202 3751 373 3842 ἡγούμεθα
395 3756 527 3835 Λακεά.,
551 3756 623 3835 τοὺς
643 3755 840 3846 Ἀθηναίοις
865 3789 910 3810 -u-
934 3760 1148 3845 lmdtmrjotcr
1164 3759 1298 3835 -τοάς

203 3860 329 3944 ἄνδρας
351 3865 463 3945 σφίσιν
486 3855 671 3936 ἀποδόντας
692 3859 838 3937 σπονδὰς
854 3859 1069 3946 ποιήσασθαι,
1092 3883 1154 3928 non
1165 3864 1299 3927 dubiam

204 3970 264 4039 est,
298 3964 372 4046 quin
405 3965 509 4028 verbio
541 3956 613 4039 roric
641 3964 766 4046 ἄνδρας
790 3961 977 4039 ἀποδόντας
1002 3985 1074 4051 epea
1096 3965 1301 4028 wentoniae

202 4065 345 4150 ipsorum
377 4063 691 4130 Loccdoernonr'ornm
725 4065 939 4155 exprimatur?
986 4066 1023 4130 In
1055 4065 1160 4128 verbis
1191 4073 1297 4129 autem
