2920 4900
1170 419 1207 473 31

153 587 189 651 τό
209 586 330 663 δεινόν,
355 587 394 660 ἐς
416 588 458 651 dd
480 579 579 651 αάτόν
600 609 674 651 τινα
698 585 784 670 ἧξιιν
805 582 840 649 τό
861 585 979 658 όιινόν,
1006 586 1088 668 quod
1107 588 1254 652 ferrinon

153 707 245 769 posse
269 698 411 771 apertum
431 698 489 752 est.
505 725 540 734 —
554 687 681 751 Vixcst
692 707 771 768 opus
783 687 908 763 addere,
930 687 957 749 si
969 686 1163 767 superiorum
1177 708 1254 770 qno·

152 790 286 852 tundam
309 791 517 872 interpretum
540 786 660 870 (Sodroi.
683 785 897 871 sequentium)
927 787 1099 850 versionem
1123 807 1252 870 praepos.

153 889 232 971 πρό,
271 898 306 953 ut
336 891 419 954 idem
454 890 562 952 valeat
579 896 686 971 'atque
718 883 798 969 ὑπέρ
819 917 851 942 =
875 888 930 950 lat.
958 908 1038 972 pro,
1071 891 1254 969 comprobe-

152 1009 233 1066 mus,
256 991 374 1054 nulium
399 1011 467 1054 esse
489 988 758 1071 impedimentum,
780 989 853 1072 quin
876 989 1253 1068 Msnvloupropcsitum
1368 1064 1371 1076 ,

152 1091 362 1172 accipiamus3
391 1100 458 1154 tum
485 1090 699 1172 assequimur:
721 1088 899 1174 (perverse)
933 1088 1086 1151 credimus
1108 1123 1150 1136 -
1173 1109 1253 1166 eum,

153 1191 206 1273 qni
228 1189 345 1278 (nuno)
368 1193 520 1274 patiatur,
543 1190 643 1271 magis
662 1211 724 1274 pro
746 1189 837 1252 nobis
859 1207 951 1271 quam
975 1208 1031 1268 per
1052 1207 1085 1252 se
1109 1191 1252 1252 etsoium

152 1292 300 1354 miserum
324 1313 402 1368 esse,
426 1291 524 1376 (quod
547 1291 630 1354 idem
653 1291 718 1354 iere
741 1298 790 1353 est
812 1297 922 1371 atque:
945 1283 1003 1352 τάκ
1023 1288 1056 1362 ἐς
1067 1285 1166 1353 αὐτόν
1181 1313 1253 1354 τινα

152 1391 266 1475 mni).
311 1393 374 1456 Sed
396 1392 516 1473 recepit
537 1390 605 1472 ipse
627 1392 746 1453 Manu.
769 1401 884 1453 sonte».

235 1594 300 1668 VI,
322 1592 374 1669 89,
397 1595 427 1654 3.
470 1627 513 1640 -
534 1627 577 1638 -
598 1625 641 1638 —
662 1591 736 1673 ἐμοὶ
760 1591 797 1656 dd
824 1587 958 1671 ἀτιμίαν
986 1593 1161 1672 πτριόθττι.
1193 1599 1250 1658 καὶ

149 1691 207 1756 dui
239 1695 339 1756 ταῦτα
373 1693 507 1765 δικαίας
539 1685 593 1754 ἀπ’
626 1692 706 1773 ἐμοῦ
733 1692 813 1775 πρός
838 1715 871 1756 rs
901 1689 941 1756 τά
971 1696 1165 1756 Μαντινέων
1193 1701 1249 1756 καὶ

145 1791 300 1876 Ἀργείων
322 1797 527 1879 τραπομένου
548 1798 604 1856 καὶ
626 1793 688 1857 ὅσα
710 1789 1246 1880 ἀλλαῆναντιτόμηνόμῐνέβλάπ-

148 1899 262 1960 ττσθτ·
296 1904 351 1960 καὶ
379 1901 450 1970 νῦν,
481 1898 513 1958 ei
530 1918 578 1970 τις
599 1902 655 1959 καὶ
676 1897 744 1960 τότε
764 1897 800 1960 όν
821 1899 867 1981 τῷ
888 1895 1023 1976 πάσχειν
1045 1893 1102 1960 τάκ
1123 1897 1248 1972 εἰκότως

150 1994 297 2079 ἀργόζετό
318 2022 384 2081 μαι,
407 1995 487 2080 paud
507 2000 565 2061 τοῦ
587 1992 736 2084 ἀληθοῦς
756 2001 887 2062 σκοπῶν
904 1994 1156 2062 ἀναπειθέσθω.
1170 2030 1174 2042 ·
1189 1999 1247 2062 Te-

148 2121 232 2164 mere
254 2103 471 2166 (inessemus
493 2101 545 2162 hic
565 2100 728 2182 vulgatam
756 2099 919 2164 lectionem
942 2096 1088 2175 mutarit,
1121 2121 1177 2182 pro
1199 2101 1246 2162 ei·-

148 2195 249 2275 ιτότας
271 2203 436 2266 inserendo
459 2197 645 2274 ἀπεικότως.
689 2200 782 2265 Prius
804 2209 909 2263 autem
932 2220 1026 2283 quam
1045 2210 1247 2283 argumente·

148 2303 265 2366 tionem
301 2303 367 2383 ejus
396 2303 622 2377 examinemus,
651 2301 725 2384 quid
747 2301 922 2382 significent
943 2301 1010 2364 haec
1031 2298 1089 2366 τάκ
1111 2297 1245 2367 ἀπεικό-

146 2424 218 2479 τικς,
252 2398 455 2466 statuendum
489 2411 548 2466 cst.
597 2403 759 2466 Barnun:
788 2398 963 2476 ἀπεικότως
984 2432 1019 2456 =
1037 2403 1246 2478 »immeritem

147 2505 244 2568 nimis
267 2505 365 2567 arctis
385 2503 528 2592 terminia
550 2503 828 2584 circumscriptum.
872 2503 1137 2567 seminemus:
1166 2526 1245 2566 »απ-

147 2603 267 2681 recum
289 2602 641 2680 »anwolzrscdcinlielua3
672 2604 766 2666 ctiam
796 2603 846 2666 hic
868 2602 1011 2692 defectio.
1055 2605 1244 2668 Psssovms

147 2707 286 2768 addidit:
319 2703 600 2792 »onheqrciflicism
628 2705 735 2786 probe.
779 2703 938 2775 Quattuor
958 2703 1029 2767 iilos
1051 2705 1134 2768 locos
1157 2706 1245 2768 Thu·

147 2806 298 2889 cydidios‚
320 2805 373 2870 ubi
396 2805 560 2886 reperitur,
580 2805 784 2887 inquiremus.
803 2831 807 2838 ·
828 2806 855 2880 Ι,
876 2799 928 2880 73,
952 2806 967 2867 l
992 2805 1088 2886 legati
1105 2805 1244 2868 Atheni·

147 2907 268 2971 ensium
301 2907 525 2969 Lacedaemone
554 2906 693 2968 refutare
715 2914 864 2968 conantes
887 2925 934 2980 ea,
957 2924 1025 2986 qua
1046 2907 1137 2968 modo
1159 2908 1244 2987 apud

146 3006 400 3070 Lacedaemonios
434 3005 587 3070 Corinthii
614 3005 770 3080 dixerunt,
803 3006 886 3068 inter
906 3005 971 3068 elia
991 3005 1039 3067 ita
1060 3007 1242 3088 loquuntur:

146 3105 219 3172 orire
242 3103 420 3180 ἀπεικότως
440 3105 555 3187 ἔχομεν
577 3105 602 3167 ἀ
623 3106 818 3190 κεκτήμεθα·
849 3105 901 3169 ubi
925 3115 1008 3169 certe
1029 3107 1132 3187 »juneo
1153 3105 1244 3191 (uenit

145 3207 255 3272 vollem
279 3207 412 3291 Recito)
440 3208 527 3272 reddi
551 3215 672 3289 potest3
705 3227 766 3272 non
790 3207 892 3270 minus
914 3214 1036 3270 minen:
1069 3207 1170 3289 »quod
1192 3208 1243 3270 fa·

145 3309 204 3372 ciie
226 3310 388 3372 declarato
411 3318 477 3372 eet»
500 3308 606 3394 (asciis
627 3306 848 3394 beqrmflicio)
886 3306 961 3390 (Hae
983 3307 1154 3371 locutiones
1171 3327 1242 3390 ger·

144 3410 273 3473 manicae
297 3410 483 3474 Onssssull
505 3407 606 3492 sunt.)
650 3408 741 3480 Quod
761 3416 869 3472 autem
893 3407 1013 3470 Cnsss.
1034 3407 1067 3470 in
1086 3427 1242 3471 commen·

143 3509 234 3572 tariis
256 3510 349 3590 hujus
371 3510 430 3573 ioci
453 3510 629 3573 contendit:
658 3504 853 3582 »ἀπεικότως
873 3505 995 3570 abacti
1016 3509 1074 3570 mit
1096 3508 1152 3571 der
1173 3506 1242 3572 Ns-

141 3611 252 3694 ραιόοπ
274 3611 342 3672 uad
364 3611 398 3672 ἰπ
420 3610 478 3674 der
498 3607 624 3674 Litctes
643 3633 667 3672 τ.
689 3633 718 3673 o.
741 3633 770 3674 a.
793 3589 1009 3684 ἀικαιόταταιῖ,
1024 3607 1151 3697 falsam
1173 3629 1241 3672 esse

143 3730 216 3774 mox
239 3730 469 3792 cognoscemus.
512 3711 555 3786 ΙΙ,
576 3710 647 3786 8,Ι
679 3711 792 3787 Thuc,
825 3729 894 3794 qum
921 3709 1051 3772 masilia
1075 3709 1241 3791 cogitatio-

142 3821 260 3893 nesque
292 3811 324 3874 in
357 3811 608 3874 Atheniensibus
638 3818 673 3874 et
704 3810 949 3875 Lacedaemoniis
976 3817 1050 3872 onte
1079 3810 1238 3890 inceptum

142 3911 259 3975 bellum
293 3911 419 3986 inerint,
453 3911 643 3987 describens,
675 3911 742 3976 hoec
767 3913 858 3976 dicit:
891 3907 1015 3987 ὀλίγον
1030 3931 1062 3973 τι
1082 3910 1239 3975 ἐπενόουν

143 4007 240 4077 cnidda
262 4007 451 4096 ἀμφότεραι,
475 4007 547 4076 ἀλλ’
568 4010 707 4097 όρριινττ
728 4013 761 4086 ἐς
781 4011 837 4078 τόν
859 4011 1000 4094 πόλεμον
1011 4006 1087 4076 »τάκ
1098 4006 1237 4076 ἀπεικό-

141 4135 236 4188 ταςι·
259 4109 433 4196 ἀρχόμενοι
454 4111 518 4197 yda
540 4113 658 4188 πόντος
674 4109 824 4198 &eorem
839 4109 1145 4196 ἀντιλαμβάνονται,
1169 4114 1236 4178 τότε
